 @article{Mietchen2015, title={Enabling Open Science: Wikidata for Research (Wiki4R)}, volume={1}, ISSN={2367-7163}, DOI={10.3897/rio.1.e7573}, journal={Research Ideas and Outcomes}, author={Mietchen, Daniel and Hagedorn, Gregor and Willighagen, Egon and Rico, Mariano and Gómez-Pérez, Asunción and Aibar, Eduard and Rafes, Karima and Germain, Cécile and Dunning, Alastair and Pintscher, Lydia and et al.}, year={2015}, month={Dec}, pages={e7573} }

 @article{Putman2017, title={WikiGenomes: an open web application for community consumption and curation of gene annotation data in Wikidata}, volume={2017}, ISSN={1758-0463}, url={http://dx.doi.org/10.1093/database/bax025}, DOI={10.1093/database/bax025}, number={1}, journal={Database}, author={Putman, Tim E. and Lelong, Sebastien and Burgstaller-Muehlbacher, Sebastian and Waagmeester, Andra and Diesh, Colin and Dunn, Nathan and Munoz-Torres, Monica and Stupp, Gregory S. and Wu, Chunlei and Su, Andrew I. and et al.}, year={2017}, month={Jan} }

 @article{Nielsen2017, title={Scholia and scientometrics with Wikidata}, author={Nielsen, Finn \AA. and Mietchen, Daniel and Willighagen, Egon}}

 @article{Pico2008, title={WikiPathways: pathway editing for the people.}, volume={6}, ISSN={1545-7885}, DOI={10.1371/journal.pbio.0060184}, abstractNote={WikiPathways provides a collaborative platform for creating, updating, and sharing pathway diagrams and serves as an example of content curation by the biology community.}, number={7}, journal={PLoS biology}, author={Pico, Alexander R. and Kelder, Thomas and van Iersel, Martijn P. and Hanspers, Kristina and Conklin, Bruce R. and Evelo, Chris}, year={2008}, month={Jul}, pages={e184+} }
 
  @article{Slenter2018, title={WikiPathways: a multifaceted pathway database bridging metabolomics to other omics research}, volume={46}, ISSN={0305-1048, 1362-4962}, DOI={10.1093/nar/gkx1064}, number={D1}, journal={Nucleic Acids Research}, author={Slenter, Denise N. and Kutmon, Martina and Hanspers, Kristina and Riutta, Anders and Windsor, Jacob and Nunes, Nuno and Mélius, Jonathan and Cirillo, Elisa and Coort, Susan L. and Digles, Daniela and et al.}, year={2018}, month={Jan}, pages={D661–D667} }

 @article{Spjuth2007, title={Bioclipse: an open source workbench for chemo- and bioinformatics}, volume={8}, ISSN={1471-2105}, DOI={10.1186/1471-2105-8-59}, number={1}, journal={BMC Bioinformatics}, author={Spjuth, Ola and Helmus, Tobias and Willighagen, Egon L. and Kuhn, Stefan and Eklund, Martin and Wagener, Johannes and Murray-Rust, Peter and Steinbeck, Christoph and Wikberg, Jarl E.}, year={2007}, month={Feb}, pages={59+} }

 @article{Spjuth2009, title={Bioclipse 2: A scriptable integration platform for the life sciences}, volume={10}, ISSN={1471-2105}, DOI={10.1186/1471-2105-10-397}, number={1}, journal={BMC Bioinformatics}, author={Spjuth, Ola and Alvarsson, Jonathan and Berg, Arvid and Eklund, Martin and Kuhn, Stefan and Mäsak, Carl and Torrance, Gilleain and Wagener, Johannes and Willighagen, Egon L and Steinbeck, Christoph and et al.}, year={2009}, pages={397} }

 @article{Williams2017, title={The CompTox Chemistry Dashboard: a community data resource for environmental chemistry}, volume={9}, ISSN={1758-2946}, url={https://jcheminf.springeropen.com/articles/10.1186/s13321-017-0247-6}, DOI={10.1186/s13321-017-0247-6}, number={1}, journal={Journal of Cheminformatics}, author={Williams, Antony J. and Grulke, Christopher M. and Edwards, Jeff and McEachran, Andrew D. and Mansouri, Kamel and Baker, Nancy C. and Patlewicz, Grace and Shah, Imran and Wambaugh, John F. and Judson, Richard S. and et al.}, year={2017}, month={Dec} }

 @article{Wohlgemuth2016, title={SPLASH, a hashed identifier for mass spectra}, volume={34}, ISSN={1087-0156, 1546-1696}, DOI={10.1038/nbt.3689}, number={11}, journal={Nature Biotechnology}, author={Wohlgemuth, Gert and Mehta, Sajjan S and Mejia, Ramon F and Neumann, Steffen and Pedrosa, Diego and Pluskal, Tomáš and Schymanski, Emma L and Willighagen, Egon L and Wilson, Michael and Wishart, David S and et al.}, year={2016}, month={Nov}, pages={1099–1101} }

 @article{Haug2013, title={MetaboLights - an open-access general-purpose repository for metabolomics studies and associated meta-data}, volume={41}, ISSN={0305-1048}, DOI={10.1093/nar/gks1004}, number={D1}, journal={Nucleic Acids Research}, author={Haug, Kenneth and Salek, Reza M. and Conesa, Pablo and Hastings, Janna and de Matos, Paula and Rijnbeek, Mark and Mahendraker, Tejasvi and Williams, Mark and Neumann, Steffen and Rocca-Serra, Philippe and et al.}, year={2013}, month={Jan}, pages={D781–D786} }
